https://truben.no/latex/bibtex/ für erstellen von Biber einträgen

@Article{Wollschlaeger2014,
	author="Wollschl{\"a}ger, Dirk",
	title="The connected car preconditions, requirements and prospects",
	journal="ATZelektronik worldwide",
	year="2014",
	volume="9",
	number="4",
	pages="4--9",
	issn="2192-9092",
	doi="10.1365/s38314-014-0258-2",
	url="http://dx.doi.org/10.1365/s38314-014-0258-2"
}

@ONLINE {ToF_TUBerlin,
    author = "Nikolai Kutscher and Beate Mielke",
    title  = "3D Kameras – basierend auf Lichtlaufzeitmessung",
    year   = "2005",
    url    = "http://www.inf.fu-berlin.de/lehre/SS05/Autonome_Fahrzeuge/3dKameras.pdf"
}

@ONLINE {ToF_ST,
    author = "John Kvam",
    title  = "Time of Flight: Principles, Challenges and Performance",
    year   = "2017",
    url    = "https://www.st.com/content/dam/technology-tour-2017/session-1_track-4_time-of-flight-technology.pdf"
}

@ONLINE {Photodiode_spektrum,
    author = "Spektrum",
    title  = "Photodiode",
    year   = "1998",
    url    = "https://www.spektrum.de/lexikon/physik/photodiode/11179"
}

@ONLINE {SPAD_elmer,
    author = "PerkinElmer",
    title  = "Avalanche photodiode - a user guide",
    year   = "2010",
    url    = "http://www.perkinelmer.com/CMSResources/Images/44-6538APP_AvalanchePhotodiodesUsersGuide.pdf"
}

@ONLINE {APD_Scematic,
    author = "Mikhantiev E.",
    title  = "The Structure of the silicon APD",
    year   = "2009",
    url    = "https://de.wikipedia.org/wiki/Datei:APD.png"
}

@ONLINE {SPAD_mamamatsu,
	author = "Mamamatsu",
    title  = "Characteristics and use of Si APD",
    month  = "may",
    year   = "2004",
    url    = "http://neutron.physics.ucsb.edu/docs/Avalanche_photodiodes_info.pdf"
}

@STANDARD {NEMA,
    title        = "NEMA ICS 16",
    organization = "National Electrical Manufacturers Association",
    institution  = "National Electrical Manufacturers Association",
    year         = "2001",
    url          = "https://www.nema.org/Standards/Pages/Motion-Position-Control-Motors-Controls-and-Feedback-Devices.aspx"
}



@BOOK {Tabellenbuch,
    author    = "Ulrich Fischer and Max Heinzler and Friedrich Näher and Heinz Paetzold and Roland Gomeringer and Roland Kilgus and Stefan Oesterle and Andreas Stephan",
    title     = "Tabellenbuch Metall",
    publisher = "Europa Lehrmittel",
    year      = "2011"
}